% This file was created with JabRef 2.6.
% Encoding: Cp1252

@ELECTRONIC{Apple2011,
  author = {Apple},
  year = {2011},
  title = {Mac OS X},
  url = {http://www.apple.com/de/macosx/},
  owner = {christian.roesch},
  timestamp = {2011.02.16}
}

@ARTICLE{Dary2009,
  author = {Dominik Dary},
  title = {Functional tests with the FEST framework},
  journal = {test experience - The Magazine for Professional Testers},
  year = {2009},
  volume = {8},
  pages = {3},
  month = {Dezember},
  owner = {christian.roesch},
  timestamp = {2011.01.26},
  url = {http://www.de.capgemini.com/insights/publikationen/functional-tests-with-the-fest-framework/}
}

@ELECTRONIC{FEST2011,
  author = {FEST},
  year = {2011},
  title = {FEST: Fixtures for Easy Software Testing},
  language = {Englisch},
  howpublished = {Website},
  url = {http://fest.easytesting.org/},
  owner = {christian.roesch},
  timestamp = {2011.02.17}
}

@ELECTRONIC{Fowler2011,
  author = {Martin Fowler},
  month = {August},
  year = {2011},
  title = {Refactoring Home Page},
  language = {Englisch},
  url = {http://www.refactoring.com/},
  owner = {christian.roesch},
  timestamp = {2011.08.10}
}

@book{Fowler1999,
 title = {Refactoring: improving the design of existing code},
 year = {1999},
 isbn = {0-201-48567-2},
 publisher = {Addison-Wesley Longman Publishing Co., Inc.},
 address = {Boston, MA, USA}
} 

@ARTICLE{Gerrard1997,
  author = {Paul Gerrard},
  title = {Testing GUI Applications},
  journal = {EuroSTAR 1997, Edinburgh UK},
  year = {1997},
  volume = {1},
  pages = {16},
  month = {November},
  owner = {christian.roesch},
  timestamp = {2011.02.04},
  url = {http://www.gerrardconsulting.com/?q=node/514}
}

@ELECTRONIC{QFS2011,
  author = {QFS GmbH},
  year = {2011},
  title = {QF-Test - Facts \& Features},
  url = {http://www.qfs.de/en/qftest/index.html},
  owner = {christian.roesch},
  timestamp = {2011.03.02}
}

@ELECTRONIC{IBM2011,
  author = {IBM},
  year = {2011},
  title = {IBM - IBM Rational Functional Tester - Functional Testing - Rational
	Functional Tester - Software},
  url = {http://www-01.ibm.com/software/awdtools/tester/functional/},
  owner = {christian.roesch},
  timestamp = {2011.03.02}
}

@ELECTRONIC{Jacareto2011,
  author = {Jacareto},
  year = {2011},
  title = {Jacareto},
  language = {Englisch},
  url = {http://sourceforge.net/projects/jacareto/},
  owner = {christian.roesch},
  timestamp = {2011.02.16}
}

@ELECTRONIC{Jalian2008,
  author = {Jalian Systems},
  year = {2008},
  title = {Marathon},
  language = {Englisch},
  url = {http://www.marathontesting.com/Home.html},
  owner = {christian.roesch},
  timestamp = {2011.02.16}
}

@MASTERSTHESIS{Kersten2007,
  author = {Roland Kersten},
  title = {Plattformunabhängige GUI - Testautomation},
  school = {Institut für Softwaretechnologie
	
	Abteilung Software Engineering
	
	Universität Stuttgart},
  year = {2007},
  owner = {christian.roesch},
  timestamp = {2011.01.27},
  url = {http://elib.uni-stuttgart.de/opus/volltexte/2007/3309/pdf/DIP_2524.pdf}
}

@MANUAL{Kutzer2004,
  author = {Thomas Kutzer},
  title = {Mic1-Simulator},
  organization = {Berufsakademie Stuttgart},
  address = {},
  year = {2004},
  month = apr,
  note = {Studienarbeit},
}

@ELECTRONIC{Microsoft2011,
  author = {Microsoft},
  year = {2011},
  title = {Microsoft Windows},
  url = {http://www.microsoft.com/germany/windows/},
  owner = {christian.roesch},
  timestamp = {2011.02.16}
}

@ARTICLE{Morris1999,
  author = {Stephen Morris},
  title = {Automated GUI Testing},
  journal = {Tessella Support Services plc},
  year = {1999},
  volume = {1},
  pages = {9},
  month = {Januar},
  owner = {christian.roesch},
  timestamp = {2011.02.04},
  url = {http://www.tessella.com/wp-content/uploads/2008/04/autoguitesting.pdf}
}

@ELECTRONIC{Ontko1999,
  author = {Ray Ontko},
  year = {1999},
  title = {mic1},
  url = {http://www.ontko.com/mic1/},
  owner = {Christian.Roesch},
  timestamp = {2012.06.03}
}

@ELECTRONIC{Oracle2011,
  author = {Oracle},
  year = {2011},
  title = {The Event Dispatch Thread (The Java Tutorials > Creating a GUI With
	JFC/Swing > Concurrency in Swing)},
  url = {http://download.oracle.com/javase/tutorial/uiswing/concurrency/dispatch.html},
  owner = {Christian.Roesch},
  timestamp = {2011.03.01}
}

@ELECTRONIC{Oracle2010,
  author = {Oracle},
  year = {2010},
  title = {JavaDoc API},
  language = {Englisch},
  url = {http://download.oracle.com/javase/6/docs/api/},
  owner = {christian.roesch},
  timestamp = {2010.12.21}
}

@ELECTRONIC{Pekar2002,
  author = {Matthew Pekar},
  year = {2002},
  title = {Pounder},
  language = {Englisch},
  url = {http://pounder.sourceforge.net/},
  owner = {christian.roesch},
  timestamp = {2011.02.16}
}

@MISC{Roesch2011,
  author = {Christian Rösch},
  title = {Evaluierung von Techniken zum automatisierten Test von grafischen
	Benutzeroberflächen},
  year = {2011},
  owner = {christian.roesch},
  timestamp = {2011.07.28}
}

@MISC{Roesch2010,
  author = {Christian Rösch},
  title = {Verbesserung der Ergonomie der Benutzeroberfläche von DOPE},
  year = {2010},
  owner = {christian.roesch},
  timestamp = {2011.08.03}
}

@BOOK{Smart2008,
  title = {Java power tools},
  publisher = {O'Reilly Vlg. GmbH \& Co.},
  year = {2008},
  editor = {Mike Loukides},
  author = {Smart, John Ferguson},
  pages = {910},
  edition = {1},
  month = {Mai},
  owner = {christian.roesch},
  timestamp = {2010.12.21}
}

@BOOK{Spillner2006,
  title = {Basiswissen Softwaretest},
  publisher = {dpunkt.verlag},
  year = {2006},
  editor = {Christa Preisendanz},
  author = {Andreas Spillner AND Tilo Linz},
  pages = {284},
  edition = {3., überarbeitete und aktualisierte Auflage 2005
	
	Korrigierter Nachdruck 2006},
  owner = {christian.roesch},
  timestamp = {2011.01.26}
}

@INPROCEEDINGS{Stroetmann2007,
  author = "Karl Stroetmann",
  title = "Computer-Architektur - Modellierung, Entwicklung und Verifikation mit Verilog: Grundlagen der Elektro- und Informationstechnik.",
  year = {2007}
}

@BOOKLET{Stroetmann2009,
  author = {Karl Stroetmann},
  title = {Rechner-Technik -- Wintersemester~2010 / Sommersemester~2011},
  howpublished = {Vorlesungsskript},
  month = sep,
  year = {2009},
}

@book{Tanenbaum1998,
 author = {Tanenbaum, Andrew S. and Goodman, James R.},
 title = {Structured Computer Organization},
 year = {1998},
 isbn = {0130959901},
 edition = {4th},
 publisher = {Prentice Hall PTR},
 address = {Upper Saddle River, NJ, USA},
} 

@MASTERSTHESIS{Xie2006,
  author = {Qing Xie},
  title = {Developing Cost-Effective Model-Based Techniques for GUI Testing},
  school = {University of Maryland},
  year = {2006},
  owner = {christian.roesch},
  timestamp = {2011.01.27},
  url = {http://drum.lib.umd.edu/bitstream/1903/4061/1/umi-umd-3801.pdf}
}
